%% This BibTeX bibliography file was created using BibDesk.
%% http://bibdesk.sourceforge.net/


%% Created for Juan Manuel Solano at 2014-01-08 23:22:32 -0500 


%% Saved with string encoding Unicode (UTF-8) 



@book{bib:bader1990book,
	Author = {Richard F. W. Bader},
	Date-Added = {2014-01-09 04:21:42 +0000},
	Date-Modified = {2014-01-09 04:22:24 +0000},
	Publisher = {Clarendon Press},
	Title = {Atoms in Molecules: A Quantum Theory},
	Year = {1990}}

@article{bib:becke1990,
	Author = {A. D. Becke and K. E. Edgecombe},
	Date-Added = {2014-01-08 02:17:28 +0000},
	Date-Modified = {2014-01-08 02:20:51 +0000},
	Journal = {Jour. Chem. Phys.},
	Pages = {5397-5403},
	Title = {A simple measure of electron localization in atomic and molecular systems},
	Volume = {92},
	Year = {1990}}

@misc{bib:webwfxformat,
	Author = {Todd A. Keith},
	Date-Added = {2013-11-26 13:32:28 +0000},
	Date-Modified = {2013-11-26 13:42:40 +0000},
	Howpublished = {\url{http://aim.tkgristmill.com/wfxformat.html}},
	Title = {wfx format specification},
	Url = {http://aim.tkgristmill.com/wfxformat.html},
	Year = {2010},
	Bdsk-Url-1 = {http://aim.tkgristmill.com/wfxformat.html}}

@misc{bib:gaussian09,
	Author = {M. J. Frisch and G. W. Trucks and H. B. Schlegel and G. E. Scuseria and M. A. Robb and J. R. Cheeseman and G. Scalmani and V. Barone and B. Mennucci and G. A. Petersson and H. Nakatsuji and M. Caricato and X. Li and H. P. Hratchian and A. F. Izmaylov and J. Bloino and G. Zheng and J. L. Sonnenberg and M. Hada and M. Ehara and K. Toyota and R. Fukuda and J. Hasegawa and M. Ishida and T. Nakajima and Y. Honda and O. Kitao and H. Nakai and T. Vreven and Montgomery, {Jr.}, J. A. and J. E. Peralta and F. Ogliaro and M. Bearpark and J. J. Heyd and E. Brothers and K. N. Kudin and V. N. Staroverov and R. Kobayashi and J. Normand and K. Raghavachari and A. Rendell and J. C. Burant and S. S. Iyengar and J. Tomasi and M. Cossi and N. Rega and J. M. Millam and M. Klene and J. E. Knox and J. B. Cross and V. Bakken and C. Adamo and J. Jaramillo and R. Gomperts and R. E. Stratmann and O. Yazyev and A. J. Austin and R. Cammi and C. Pomelli and J. W. Ochterski and R. L. Martin and K. Morokuma and V. G. Zakrzewski and G. A. Voth and P. Salvador and J. J. Dannenberg and S. Dapprich and A. D. Daniels and {\"O}. Farkas and J. B. Foresman and J. V. Ortiz and J. Cioslowski and D. J. Fox},
	Note = {Gaussian Inc. Wallingford CT 2009},
	Title = {Gaussian~09 {R}evision {D}.01}}

@article{bib:gamess,
	Author = {M.W.Schmidt and K.K.Baldridge and J.A.Boatz and S.T.Elbert and M.S.Gordon and J.J.Jensen and S.Koseki and N.Matsunaga and K.A.Nguyen and S.Su and T.L.Windus and M.Dupuis and J.A.Montgomery},
	Comment = {The GAMESS program},
	Journal = {J.~Comput.~Chem.},
	Pages = {1347},
	Volume = 14,
	Year = 1993}

@article{bib:nwchem,
	Author = {M. Valiev and E.J. Bylaska and N. Govind and K. Kowalski and T.P. Straatsma and H.J.J. Van Dam and D. Wang and J. Nieplocha and E. Apra and T.L. Windus and W.A. de Jong},
	Doi = {http://dx.doi.org/10.1016/j.cpc.2010.04.018},
	Issn = {0010-4655},
	Journal = {Computer Physics Communications},
	Keywords = {Plane wave methods},
	Number = {9},
	Pages = {1477 - 1489},
	Title = {NWChem: A comprehensive and scalable open-source solution for large scale molecular simulations},
	Url = {http://www.sciencedirect.com/science/article/pii/S0010465510001438},
	Volume = {181},
	Year = {2010},
	Bdsk-Url-1 = {http://www.sciencedirect.com/science/article/pii/S0010465510001438},
	Bdsk-Url-2 = {http://dx.doi.org/10.1016/j.cpc.2010.04.018}}

@article{bib:mcmurchie1978,
	Author = {Larry E McMurchie and Ernest R Davidson},
	Doi = {http://dx.doi.org/10.1016/0021-9991(78)90092-X},
	Issn = {0021-9991},
	Journal = {Journal of Computational Physics},
	Number = {2},
	Pages = {218 - 231},
	Title = {One- and two-electron integrals over cartesian gaussian functions},
	Url = {http://www.sciencedirect.com/science/article/pii/002199917890092X},
	Volume = {26},
	Year = {1978},
	Bdsk-Url-1 = {http://www.sciencedirect.com/science/article/pii/002199917890092X},
	Bdsk-Url-2 = {http://dx.doi.org/10.1016/0021-9991(78)90092-X}}

@incollection{bib:kaijser1977,
	Author = {Per Kaijser and Vedene H. Smith Jr.},
	Doi = {http://dx.doi.org/10.1016/S0065-3276(08)60578-X},
	Editor = {Per-Olov L{\"o}wdin},
	Issn = {0065-3276},
	Pages = {37 - 76},
	Publisher = {Academic Press},
	Series = {Advances in Quantum Chemistry},
	Title = {Evaluation of Momentum Distributions and Compton Profiles for Atomic and Molecular Systems},
	Url = {http://www.sciencedirect.com/science/article/pii/S006532760860578X},
	Volume = {10},
	Year = {1977},
	Bdsk-Url-1 = {http://www.sciencedirect.com/science/article/pii/S006532760860578X},
	Bdsk-Url-2 = {http://dx.doi.org/10.1016/S0065-3276(08)60578-X}}

@article{bib:popelier1994,
	Author = {P.L.A. Popelier},
	Doi = {http://dx.doi.org/10.1016/0009-2614(94)00897-3},
	Issn = {0009-2614},
	Journal = {Chemical Physics Letters},
	Number = {1--3},
	Pages = {160 - 164},
	Title = {A robust algorithm to locate automatically all types of critical points in the charge density and its Laplacian},
	Url = {http://www.sciencedirect.com/science/article/pii/0009261494008973},
	Volume = {228},
	Year = {1994},
	Bdsk-Url-1 = {http://www.sciencedirect.com/science/article/pii/0009261494008973},
	Bdsk-Url-2 = {http://dx.doi.org/10.1016/0009-2614(94)00897-3}}

@article{bib:banerjee1985,
	Author = {Ajit Banerjee and Noah Adams and Jack Simons and Ron Shepard},
	Doi = {10.1021/j100247a015},
	Eprint = {http://pubs.acs.org/doi/pdf/10.1021/j100247a015},
	Journal = {The Journal of Physical Chemistry},
	Number = {1},
	Pages = {52-57},
	Title = {Search for stationary points on surfaces},
	Url = {http://pubs.acs.org/doi/abs/10.1021/j100247a015},
	Volume = {89},
	Year = {1985},
	Bdsk-Url-1 = {http://pubs.acs.org/doi/abs/10.1021/j100247a015},
	Bdsk-Url-2 = {http://dx.doi.org/10.1021/j100247a015}}

@article{bib:espinosa1998,
author = "E. Espinosa and E. Molins and C. Lecomte",
title = "Hydrogen bond strengths revealed by topological analyses of experimentally observed electron densities ",
journal = "Chemical Physics Letters",
volume = "285",
number = "3--4",
pages = "170 -- 173",
year = "1998",
note = "",
issn = "0009-2614",
doi = "http://dx.doi.org/10.1016/S0009-2614(98)00036-0",
url = "http://www.sciencedirect.com/science/article/pii/S0009261498000360"
}

@article{bib:contreras2011,
author = {J. Contreras-Garc\'{\i}a and E. R. Johnson and S. Keinan and R. Chaudret and J. P. Piquemal and D. N. Beratan and W. Yang},
title = {NCIPLOT: A Program for Plotting Noncovalent Interaction Regions},
journal = {Journal of Chemical Theory and Computation},
volume = {7},
number = {3},
pages = {625-632},
year = {2011},
doi = {10.1021/ct100641a},
note ={PMID: 21516178}
}
